% This file was created with JabRef 2.7b.
% Encoding: UTF-8

@ARTICLE{A.Abhyankar1997,
  author = {A. Abhyankar, and L. S. Copeland, and W. Wong},
  title = {Uncovering nonlinear structure in real-time stock-market indexes:
	the S\&P 500, the DAX, the Nikkei 225, and the FTSE 100},
  journal = {Journal of Business \& Economic Statistics},
  year = {1997},
  volume = {15},
  pages = {1-14},
  owner = {pedro},
  timestamp = {2012.11.16}
}

@ARTICLE{Abarbanell1998,
  author = {Abarbanell, J., and B Bushee},
  title = {Abnormal returns to a fundamental analysis strategy},
  journal = {The Accounting Review},
  year = {1998},
  volume = {73},
  pages = {19-45},
  owner = {pedro},
  timestamp = {2012.06.26}
}

@ARTICLE{Abarbanell1997,
  author = {Abarbanell, J., and B Bushee},
  title = {Fundamental analysis, future earnings and stock returns},
  journal = {Journal of Accounting Research},
  year = {1997},
  volume = {35},
  pages = {1-24},
  owner = {pedro},
  timestamp = {2012.06.26}
}

@ARTICLE{Aby2001,
  author = {Aby, Carroll D., Jr. and Briscoe, Nat R. and Elliott, R. Stephen
	and Bacadayan, Andrew},
  title = {Value stocks: a look at benchmark fundamentals and company priorities.(Statistical
	Data Included)},
  journal = {Journal of Deferred Compensation},
  year = {2001},
  month = {Setiembre},
  owner = {pedro},
  timestamp = {2012.11.14}
}

@ELECTRONIC{AFP2011,
  author = {de AFP Asociación },
  month = {Abril},
  year = {2011},
  title = {Número de afiliados por año al SPP a marzo 2011},
  language = {Español},
  organization = {Asociación de AFP},
  address = {Perú - Lima},
  url = {http://www.asociacionafp.com.pe/que-es-una-afp/las-afp-en-cifras/numero-de-afiliados-por-ano-al-spp/},
  owner = {pedro},
  timestamp = {2012.06.26}
}

@ARTICLE{Al-Debie1999,
  author = {Al-Debie, M., and Walker, M.},
  title = {Fundamental Information Analysis: An Extension and UK Evidence},
  journal = {British Accounting Review},
  year = {1999},
  volume = {31},
  pages = {261-280},
  owner = {pedro},
  timestamp = {2012.06.26}
}

@ARTICLE{Ali2000,
  author = {Ali, A., and Hwang, L.},
  title = {Country-Specific Factors Related to Financial Reporting and the Value
	Relevance of Accounting Data},
  journal = {Journal of Accounting Research},
  year = {2000},
  volume = {38},
  pages = {1-21},
  owner = {pedro},
  timestamp = {2012.06.26}
}

@ARTICLE{Arnott2005,
  author = {Robert D Arnott},
  title = {What Cost Noise?},
  journal = {Financial Analysts Journal},
  year = {2005},
  volume = {61},
  pages = {10-14},
  number = {2},
  month = {Marzo},
  owner = {pedro},
  timestamp = {2012.06.28}
}

@ARTICLE{ARNOTT2009,
  author = {ROBERT D. ARNOTT and FEIFEI LI and AND KATRINA F. SHERRERD},
  title = {Clairvoyant Value and the Value Effect},
  journal = {THE JOURNAL OF PORTFOLIO MANAGEMENT},
  year = {2009},
  volume = {35},
  number = {3},
  owner = {pedro},
  timestamp = {2012.07.18}
}

@ELECTRONIC{ASBANC2011,
  author = {ASBANC},
  month = {Abril},
  year = {2011},
  title = {Estadísticas de fondos mutuos},
  language = {Español},
  organization = {ASBANC},
  address = {Lima, Perú},
  url = {http://www.asbanc.com.pe/Documentos/Sistema_Financiero_Consolidados/Fondos%20Mutuos/Consolidados_Fondos_Mutuos.xls},
  owner = {pedro},
  timestamp = {2012.06.26}
}

@ARTICLE{Athanassakos2003,
  author = {George Athanassakos and Steve Spenler},
  title = {Research In Motion},
  journal = {Case Research Journal},
  year = {2003},
  pages = {59-90},
  number = {3},
  owner = {pedro},
  timestamp = {2012.06.28}
}

@ARTICLE{Bartov2004,
  author = {Bartov, E. and M. Kim},
  title = {Risk Mispricing and Value Investing},
  journal = {Review of Quantitative Finance and Accounting},
  year = {2004},
  volume = {23},
  pages = {353–376},
  owner = {pedro},
  timestamp = {2012.06.28}
}

@ARTICLE{Bauman1996,
  author = {Bauman, M.P},
  title = {A Review of Fundamental Analysis Research in Accounting},
  journal = {Journal of Accounting Literature},
  year = {1996},
  volume = {15},
  pages = {1-33},
  owner = {pedro},
  timestamp = {2012.06.26}
}

@ARTICLE{Bernard1989,
  author = {Bernard, V. and J. Thomas},
  title = {Post Earnings Announcement Drift: Delayed Price Response or Risk
	Premium?},
  journal = {32. Journal of Accounting Research},
  year = {1989},
  volume = {27},
  pages = {1-36},
  owner = {pedro},
  timestamp = {2012.06.28}
}

@BOOK{ZviBodie2004,
  title = {Principios de Inversiones},
  publisher = {16. McGraw-Hill},
  year = {2004},
  author = {Zvi Bodie and Alex Kane and Alan Marcus},
  address = {Madrid, España},
  owner = {pedro},
  timestamp = {2012.06.26}
}

@CONFERENCE{Buffet1984,
  author = {Warren Buffet},
  title = {Los superinversores de Graham and Doddsville},
  year = {1984},
  organization = {Columbia University},
  owner = {pedro},
  timestamp = {2012.06.26}
}

@BOOK{Bunge1972,
  title = {La Investigación Científica},
  publisher = {Ediciones Ariel},
  year = {1972},
  author = {Mario Bunge},
  address = {Barcelona, España},
  edition = {2},
  owner = {pedro},
  timestamp = {2012.07.04}
}

@ARTICLE{Chan2001,
  author = {Chan, L. and J. Lakonishok and T. Sougiannis},
  title = {35. he Stock Market Valuation of Research and Development Expenditures},
  journal = {Journal of Finance},
  year = {2001},
  volume = {56},
  pages = {2431-2456},
  owner = {pedro},
  timestamp = {2012.06.28}
}

@ARTICLE{ColinA.McMillana2010,
  author = {Colin A. McMillan a, Michael R. Moore and Gregory A. Keoleian a,b
	and Jonathan W. Bulkley},
  title = {Quantifying U.S. aluminum in-use stocks and their relationship with
	economic output},
  journal = {Ecological Economics},
  year = {2010},
  pages = {2606–2613},
  owner = {pedro},
  timestamp = {2012.11.15}
}

@ARTICLE{Dechow1997,
  author = {Dechow, P. and R. Sloan},
  title = {Returns to Contrarian Investment Strategies: Tests of Naive Expectations
	Hypotheses},
  journal = {Journal of Financial Economics},
  year = {1997},
  volume = {43},
  pages = {3-27},
  owner = {pedro},
  timestamp = {2012.06.28}
}

@INPROCEEDINGS{Demers2000,
  author = {Elizabeth A Demers and Baruch Lev},
  title = {51. A Rude Awakening: Internet Shakeout in 2000},
  year = {2000},
  month = {Septiembre},
  organization = {William E. Simon Graduate School of Business Administration, University
	of Rochester},
  owner = {pedro},
  timestamp = {2012.06.28}
}

@ARTICLE{Dichev2009,
  author = {Dichev, I.L and Tang, V.W.},
  title = {Earnings Volatility and Earnings Predictability},
  journal = {Journal of Accounting and Economics},
  year = {2009},
  volume = {47},
  pages = {160-181},
  owner = {pedro},
  timestamp = {2012.06.26}
}

@ARTICLE{Elleuch2009,
  author = {Jaouida Elleuch},
  title = {Fundamental Analysis Strategy and the Prediction of Stock Returns},
  journal = {International Research Journal of Finance and Economics},
  year = {2009},
  volume = {30},
  pages = {95 – 108},
  owner = {pedro},
  timestamp = {2012.06.26}
}

@ARTICLE{Fama1995,
  author = {Fama, E., and K. French},
  title = {Size and Book-to-market Factors in Earnings and Returns},
  journal = {Journal of Finance},
  year = {1995},
  volume = {50},
  pages = {131-155},
  number = {1},
  owner = {pedro},
  timestamp = {2012.06.26}
}

@ARTICLE{Fama1992,
  author = {Fama, E., and K. French},
  title = {The Cross Section of Expected Stock Returns},
  journal = {The Journal of Finance},
  year = {1992},
  volume = {47},
  pages = {427-465},
  number = {2},
  owner = {pedro},
  timestamp = {2012.06.26}
}

@MASTERSTHESIS{Fleming2011,
  author = {Nathan Richard Fleming},
  title = {Metal Price Volatility: A Study of Informative Metrics and the Volatility
	Mitigating Effects of Recycling},
  school = {Massachusetts Institute of Technology},
  year = {2011},
  address = {Estados Unidos de América},
  owner = {pedro},
  timestamp = {2012.06.28}
}

@ARTICLE{Frankel1998,
  author = {Frankel, R., and C. M. C. Lee.},
  title = {Accounting valuation, market expectation, and cross-sectional stock
	returns},
  journal = {Journal of Accounting and Economics},
  year = {1998},
  volume = {25},
  pages = {283–319},
  month = {Junio},
  owner = {pedro},
  timestamp = {2012.06.26}
}

@BOOK{BenjaminGraham2009,
  title = {Security Analysis},
  publisher = {Ediciones Deusto},
  year = {2009},
  author = {Benjamin Graham and David L. Dodd},
  address = {España - Barcelona},
  edition = {6},
  owner = {pedro},
  timestamp = {2012.06.26}
}

@BOOK{Graham2007,
  title = {El Inversor Inteligente},
  publisher = {Ediciones Deusto},
  year = {2007},
  author = {Benjamin Graham and David L. Dodd},
  address = {España - Barcelona},
  edition = {4},
  owner = {pedro},
  timestamp = {2012.06.26}
}

@ARTICLE{Greig1992,
  author = {Anthony C. Greig},
  title = {Fundamental analysis and subsequent stock returns},
  journal = {journal of Accounting and Economics},
  year = {1992},
  volume = {15},
  pages = {413-442},
  owner = {pedro},
  timestamp = {2012.06.26}
}

@INPROCEEDINGS{Hand2000,
  author = {John R. M Hand},
  title = {Profit, Losses and the Non-Linear Pricing of Internet Stocks},
  year = {2000},
  month = {Enero},
  organization = {Kenan-Flagler Business School, UNC Chapel Hill},
  owner = {pedro},
  timestamp = {2012.06.28}
}

@BOOK{Hastie2008,
  title = {The Elements of Statistical Learning Data Mining, Inference, and
	Prediction},
  publisher = {Springer},
  year = {2008},
  author = {Trevor Hastie and Robert Tibshirani and Jerome Friedman},
  edition = {2},
  month = {Agosto},
  owner = {pedro},
  timestamp = {2012.11.22}
}

@BOOK{Haykin1999,
  title = {Neural networks: A comprehensive foundation},
  publisher = {Pearson education},
  year = {1999},
  author = {Simon Haykin},
  address = {Delhi, India},
  owner = {pedro},
  timestamp = {2012.11.23}
}

@ARTICLE{Holthausen1992,
  author = {Holthausen, R., and D. Larcker},
  title = {The Prediction of Stock Returns Using Financial Statement Information},
  journal = {Journal of Accounting and Economics},
  year = {1992},
  volume = {15},
  pages = {373-411},
  owner = {pedro},
  timestamp = {2012.06.26}
}

@ELECTRONIC{Horizonte2012Fondo1,
  author = {AFP Horizonte},
  month = {Mayo},
  year = {2012},
  title = {Fondo 1 Preservación del capital},
  language = {Español},
  organization = {AFP Horizonte},
  address = {Lima, Perú},
  url = {http://bbvahorizonte.pe/contenidos/detalle/305/fondo-1-preservacion-de-capital},
  owner = {pedro},
  timestamp = {2012.06.26}
}

@ELECTRONIC{Horizonte2012Fondo2,
  author = {AFP Horizonte},
  month = {Mayo},
  year = {2012},
  title = {Fondo 2 Mixto},
  language = {Español},
  organization = {AFP Horizonte},
  url = {http://bbvahorizonte.pe/contenidos/detalle/306/fondo-2-mixto},
  owner = {pedro},
  timestamp = {2012.06.26}
}

@ELECTRONIC{Horizonte2012Fondo3,
  author = {AFP Horizonte},
  month = {Mayo},
  year = {2012},
  title = {Fondo 3 Apreciación de Capital},
  language = {Español},
  organization = {AFP Horizonte},
  address = {Lima, Perú},
  url = {http://bbvahorizonte.pe/contenidos/detalle/307/fondo-3-apreciacion-de-capital},
  owner = {pedro},
  timestamp = {2012.06.26}
}

@CONFERENCE{Hu2010,
  author = {Changsheng Hu and Qi Liu},
  title = {Investor Sentiments and Stock Market Volatility},
  booktitle = {Third International Conference on Business Intelligence and Financial
	Engineering},
  year = {2010},
  pages = {17. 427 – 431},
  owner = {pedro},
  timestamp = {2012.06.26}
}

@ARTICLE{Huberts1995,
  author = {Huberts, L. and R. Fuller},
  title = {Predictability Bias in the U.S. Equity Market},
  journal = {Financial Analysts Journal},
  year = {1995},
  pages = {12-28},
  month = {Marzo},
  owner = {pedro},
  timestamp = {2012.06.28}
}

@ELECTRONIC{Integra2012Fondo3,
  author = {AFP Integra},
  month = {Mayo},
  year = {2012},
  title = {Fondo 3 Inversión y Rentabilidad},
  language = {Español},
  organization = {AFP Integra},
  address = {Lima, Perú},
  url = {http://www.integra.com.pe/wps/wcm/connect/websiteintegra/es/asinvrent/fondo3/polit3},
  owner = {pedro},
  timestamp = {2012.06.26}
}

@BOOK{Isern2000,
  title = {Elaboración y presentación de un proyecto de investigación y una
	tesina},
  publisher = {Edicions Universitat de Barcelona},
  year = {2000},
  author = {Maria Teresa Icart Isern and Carmen Fuentelsaz Gallego and Anna M.
	Pulpón Segura},
  address = {Barcelona, España},
  owner = {pedro},
  timestamp = {2012.07.04}
}

@ARTICLE{Jardin2010,
  author = {P. Jardin},
  title = {Predicting Bankruptcy Using Neural Networks and Other Classification
	Methods: The Influence of Variable Selection Techniques on Model
	Accuracy},
  journal = {Neurocomputing},
  year = {2010},
  volume = {73},
  pages = {2047-2060},
  owner = {pedro},
  timestamp = {2012.11.16}
}

@INPROCEEDINGS{Keating2001,
  author = {Elizabeth Keating and Thomas Lys, and Robert P Magee},
  title = {The Internet Downturn: Finding Valuation factors in Spring 2000},
  year = {2001},
  month = {Enero},
  organization = {Kellog Graduate School of Business, Northwestern University},
  owner = {pedro},
  timestamp = {2012.06.28}
}

@ARTICLE{Kerstein1995,
  author = {Kerstein, J., and Kim, S.},
  title = {The Incremental Information Content of Capital Expenditures},
  journal = {The Accounting Review},
  year = {1995},
  volume = {70},
  pages = {513-526},
  owner = {pedro},
  timestamp = {2012.06.26}
}

@BOOK{Kolb1993,
  title = {Inversiones},
  publisher = {Limusa},
  year = {1993},
  author = {Robert W. Kolb},
  address = {D.F – México},
  owner = {pedro},
  timestamp = {2012.06.26}
}

@ARTICLE{Krausmann2009,
  author = {Fridolin Krausmann and Simone Gingrich nada Nina Eisenmenger nada
	Karl-Heinz Erb nada
	
	Helmut Haberl and Marina Fischer-Kowalski},
  title = {Growth in global materials use, GDP and population during the 20th
	century},
  journal = {Ecological Economics},
  year = {2009},
  pages = {2696–2705},
  owner = {pedro},
  timestamp = {2012.11.15}
}

@INBOOK{Lakatos2009,
  chapter = {1},
  pages = {55-60},
  title = {Ciencia y seudociencia},
  publisher = {Fonfo Editorial, Universidad Inca Garcilazo de la Vega},
  year = {2009},
  author = {Imre Lakatos},
  address = {Lima, Perú},
  month = {Diciembre},
  owner = {pedro},
  timestamp = {2012.07.04}
}

@ARTICLE{Lakonishok1994,
  author = {Lakonishok, J., and A. Shleifer, and R. Vishny},
  title = {Contrarian investment, extrapolation, and risk},
  journal = {Journal of Finance},
  year = {1994},
  volume = {44},
  pages = {41–78},
  month = {Diciembre},
  owner = {pedro},
  timestamp = {2012.06.26}
}

@ARTICLE{LaPorta1996,
  author = {LaPorta, R.},
  title = {Expectations and the cross-section of stock returns},
  journal = {Journal of Finance},
  year = {1996},
  volume = {51},
  pages = {15-42},
  month = {Diciembre},
  owner = {pedro},
  timestamp = {2012.06.28}
}

@ARTICLE{Lev1996,
  author = {Lev, B. and T. Sougiannis.},
  title = {Capitalization, Amortization and Value-Relevance of R\&D},
  journal = {Journal of Accounting and Economics},
  year = {1996},
  volume = {21},
  pages = {107-139},
  owner = {pedro},
  timestamp = {2012.06.28}
}

@ARTICLE{Lev1993,
  author = {Lev, B., and R Thiagarajan},
  title = {Fundamental information analysis},
  journal = {Journal of Accounting Research},
  year = {1993},
  volume = {31},
  pages = {190- 215},
  owner = {pedro},
  timestamp = {2012.06.26}
}

@ARTICLE{Malkiel1963,
  author = {Burton G Malkiel},
  title = {Equity Yields, Growth, and the Structure of Share Prices},
  journal = {The American Economic Review},
  year = {1963},
  volume = {53},
  pages = {1004–1031},
  number = {5},
  month = {Diciembre},
  owner = {pedro},
  timestamp = {2012.06.28}
}

@BOOK{Markowitz1959,
  title = {40. Portfolio Selection: Diversification of Investments},
  publisher = {John Wiley \& Sons},
  year = {1959},
  author = {Harry Markowitz},
  address = {New York},
  owner = {pedro},
  timestamp = {2012.06.28}
}

@ARTICLE{Markowitz1952,
  author = {Harry Markowitz},
  title = {39. Portfolio Selection},
  journal = {39. Journal of Finance},
  year = {1952},
  volume = {7},
  pages = {77-91},
  number = {1},
  month = {Marzo},
  owner = {pedro},
  timestamp = {2012.06.28}
}

@ARTICLE{Mohanram2005,
  author = {Partha S. Mohanram},
  title = {Separating Winners from Losers among Low Book to Market Stock Using
	Financial Statement Analysis},
  journal = {Journal of Accounting},
  year = {2005},
  volume = {10},
  pages = {133-170},
  owner = {pedro},
  timestamp = {2012.06.26}
}

@ARTICLE{Ou1989,
  author = {Ou, J. and S. Penman},
  title = {Financial Statement Analysis and the Prediction of Stock Returns},
  journal = {The Journal of Accounting Economics},
  year = {1989},
  volume = {11},
  pages = {295-329},
  number = {4},
  owner = {pedro},
  timestamp = {2012.06.26}
}

@ARTICLE{Penman1996,
  author = {Penman},
  title = {The Articulation of Price-Earnings Ratios and Market-to-book Ratios
	and the Evaluation of Growth},
  journal = {Journal of Accounting Research},
  year = {1996},
  volume = {34},
  pages = {35-60},
  number = {2},
  owner = {pedro},
  timestamp = {2012.06.28}
}

@BOOK{Penman2009,
  title = {46. Financial Statement Analysis and Security Valuation},
  publisher = {46. McGraw-Hill},
  year = {2009},
  author = {46. Stephen H. Penman},
  edition = {4},
  owner = {pedro},
  timestamp = {2012.06.26}
}

@ARTICLE{Penman1992,
  author = {Penman, S.H.},
  title = {Return to Fundamentals},
  journal = {Journal of Accounting, Auditing and Finance},
  year = {1992},
  volume = {7},
  pages = {30. 465-483},
  owner = {pedro},
  timestamp = {2012.06.26}
}

@ARTICLE{Penman2002,
  author = {Penman, S. and X. Zhang},
  title = {Accounting Conservatism, the Quality of Earnings, and Stock Returns},
  journal = {The Accounting Review},
  year = {2002},
  volume = {77},
  pages = {237-264},
  owner = {pedro},
  timestamp = {2012.06.28}
}

@ARTICLE{Pierce-Brown1998,
  author = {Pierce-Brown, R.},
  title = {Better Odds than the Lottery},
  journal = {Accountancy–International Edition},
  year = {1998},
  pages = {98-99},
  month = {Marzo},
  owner = {pedro},
  timestamp = {2012.06.26}
}

@ARTICLE{Pinches1996,
  author = {George E Pinches and Narayanan and Katherine M Kelm},
  title = {53. How the Market Values the Different Stages of Corporate R\&D
	– Initiation, Progress and Commercialization},
  journal = {53. Journal of Applied Corporate Finance},
  year = {1996},
  volume = {9},
  pages = {60-69},
  number = {1},
  owner = {pedro},
  timestamp = {2012.06.28}
}

@ARTICLE{Piotroski2000,
  author = {Piotroski, J.},
  title = {Value investing: the use of historical financial statement information
	to separate winners from losers},
  journal = {Journal of Accounting Research},
  year = {2000},
  volume = {38},
  pages = {1-42},
  owner = {pedro},
  timestamp = {2012.06.26}
}

@ARTICLE{Piotroski2012,
  author = {Joseph D. Piotroski and Eric C. So},
  title = {Identifying Expectation Errors in Value/Glamour Strategies: A Fundamental
	Analysis Approach},
  journal = {The Review of Financial Studies},
  year = {2012},
  month = {Abril},
  owner = {pedro},
  timestamp = {2012.12.05}
}

@BOOK{Popper1980,
  title = {La Lógica de la Investigación Científica},
  publisher = {Editorial Tecnos},
  year = {1980},
  author = {Karl Popper},
  edition = {5},
  owner = {pedro},
  timestamp = {2012.07.04}
}

@CONFERENCE{Provenzano2002,
  author = {Davide Provenzano},
  title = {AN ARTIFICIAL STOCK MARKET IN A SYSTEM DYNAMICS APPROACH},
  year = {2002},
  address = {Italia, Palermo},
  month = {Julio},
  organization = {System Dynamics Society},
  owner = {pedro},
  timestamp = {2012.06.26}
}

@BOOK{Radetzki2008,
  title = {A Handbook of Primary Commodities in the Global Economy},
  publisher = {Cambridge University Press},
  year = {2008},
  author = {Marian Radetzki and et al},
  address = {Cambridge, United Kingdom},
  booktitle = {A Handbook of Primary Commodities in the Global Economy},
  owner = {pedro},
  timestamp = {2012.06.28}
}

@INPROCEEDINGS{Rajgopal2000,
  author = {Shivaram Rajgopal and Suresh Kotha and Mohan Venkatachalam},
  title = {The Relevance of Web Traffic for Internet Stock Prices},
  year = {2000},
  month = {Octubre},
  organization = {University of Washington/Stanford University},
  owner = {pedro},
  timestamp = {2012.06.28}
}

@ARTICLE{Richardson2009,
  author = {Scott Richardson and İrem Tuna and Peter Wysocki},
  title = {Accounting Anomalies and Fundamental Analysis: A Review of Recent
	Research Advances},
  journal = {Journal of Accounting and Economics},
  year = {2009},
  owner = {pedro},
  timestamp = {2012.06.26}
}

@ARTICLE{Ritter2003,
  author = {Jay R. Ritter},
  title = {Behavioral Finance},
  journal = {Pacific-Basin Finance Journal},
  year = {2003},
  volume = {11},
  pages = {429-437},
  number = {4},
  month = {Septiembre},
  owner = {pedro},
  timestamp = {2012.06.26}
}

@ARTICLE{RobertDArnott2005,
  author = {Robert D Arnott, and Jason Hsu, and Philip Moore},
  title = {48. Fundamental Indexation},
  journal = {48. Financial Analysts Journal},
  year = {2005},
  volume = {61},
  pages = {83-99},
  number = {2},
  month = {Marzo},
  owner = {pedro},
  timestamp = {2012.06.28}
}

@BOOK{Rumelhart1986,
  title = {Parallel distributed processing},
  publisher = {MIT Press},
  year = {1986},
  author = {D. Rumelhart and J. McClelland,},
  address = {Cambridge, Massachusetts},
  owner = {pedro},
  timestamp = {2012.11.15}
}

@ARTICLE{DynaSeng2012,
  author = {Dyna Seng and Jason R. Hancock},
  title = {Fundamental Analysis and the Prediction of Earnings},
  journal = {International Journal of Business and Management},
  year = {2012},
  volume = {7},
  number = {3},
  owner = {pedro},
  timestamp = {2012.06.26}
}

@BOOK{Senge1998,
  title = {La quinta disciplina},
  publisher = {Ediciones Granica},
  year = {1998},
  author = {Peter Senge},
  address = {Argentina - Buenos Aires},
  owner = {pedro},
  timestamp = {2012.06.26}
}

@ARTICLE{Setiono1998,
  author = {Setiono, B. and N. Strong},
  title = {Predicting Stock Returns Using Financial Statement Information},
  journal = {Journal of Business Finance \& Accounting},
  year = {1998},
  volume = {25},
  pages = {31–57},
  month = {Junio},
  owner = {pedro},
  timestamp = {2012.06.28}
}

@INPROCEEDINGS{Sewell2010,
  author = {Martin Sewell},
  title = {Behavioural Finance},
  year = {2010},
  month = {Abril},
  organization = {University of Cambridge},
  owner = {pedro},
  timestamp = {2012.06.26}
}

@ARTICLE{Preeti2009,
  author = {Meena Sharma and Preeti},
  title = {PREDICTION OF STOCK RETURNS FOR GROWTH FIRMS—A FUNDAMENTAL ANALYSIS},
  journal = {The Journal of Business Perspective},
  year = {2009},
  volume = {13},
  number = {3},
  owner = {pedro},
  timestamp = {2012.06.26}
}

@ARTICLE{Sharpe1965,
  author = {William Sharpe},
  title = {Risk-Aversion in the Stock Market: Some Empirical Evidence},
  journal = {Journal of Finance},
  year = {1965},
  volume = {20},
  pages = {416-422},
  number = {3},
  month = {Septiembre},
  owner = {pedro},
  timestamp = {2012.06.28}
}

@ARTICLE{Shen2011,
  author = {Shen, Kao-Yi},
  title = {Implementing Value Investing Strategy by Artificial Neural Network},
  journal = {International Journal Of Business \& Information Technology},
  year = {2011},
  volume = {1},
  pages = {12-22},
  number = {1},
  month = {Marzo},
  owner = {pedro},
  timestamp = {2012.11.15}
}

@ARTICLE{Shiller1987,
  author = {Robert J Shiller},
  title = {The Volatility of Stock Market Prices},
  journal = {Science},
  year = {1987},
  pages = {33-37},
  month = {Enero},
  owner = {pedro},
  timestamp = {2012.06.28}
}

@ARTICLE{SHILLER1984,
  author = {ROBERT J. SHILLER},
  title = {Stock and Social Dynamics},
  journal = {Brookings Papers on Economic Activity},
  year = {1984},
  pages = {10. 457 – 510},
  owner = {pedro},
  timestamp = {2012.06.26}
}

@ARTICLE{Siegel2006,
  author = {Siegel, Jeremy J, and Jeremy D. Schwartz},
  title = {Long-Term Returns on the Original S\&P 500 Companies},
  journal = {Financial Analysts Journal},
  year = {2006},
  volume = {62},
  pages = {18-31},
  month = {Enero},
  owner = {pedro},
  timestamp = {2012.06.28}
}

@ARTICLE{Skogsvik2008,
  author = {Skogsvik, S.},
  title = {Financial Statement Information, the Prediction of Book Return on
	Owners’ Equity and Market Efficiency: The Swedish Case},
  journal = {Journal of Business Finance \& Accounting},
  year = {2008},
  volume = {35},
  pages = {795-817},
  number = {7 - 8},
  owner = {pedro},
  timestamp = {2012.06.26}
}

@ARTICLE{Sloan1996,
  author = {Sloan, R},
  title = {33. Do Stock Prices Fully Reflect Information in Accruals and Cash
	Flows About Future Earnings?},
  journal = {The Accounting Review},
  year = {1996},
  volume = {71},
  pages = {289-316},
  owner = {pedro},
  timestamp = {2012.06.28}
}

@BOOK{Sterman2000,
  title = {Business Dynamics: Systems Thinking and Modeling for a Complex World},
  publisher = {McGraw-Hill},
  year = {2000},
  author = {John Sterman},
  address = {Estados Unidos},
  owner = {pedro},
  timestamp = {2012.06.26}
}

@ARTICLE{Stober1993,
  author = {Stober, T.L.},
  title = {The Incremental Information Content of Receivables in Predicting
	Sales, Earnings, and Profit Margins},
  journal = {Journal of Accounting, Auditing and Finance},
  year = {1993},
  volume = {8},
  pages = {447-473},
  owner = {pedro},
  timestamp = {2012.06.26}
}

@ELECTRONIC{ValoresdeLima,
  author = {Bolsa de Valores de Lima},
  title = {Bolsa de Valores de Lima},
  organization = {Bolsa de Valores de Lima},
  url = {http://www.bvl.com.pe},
  owner = {pedro},
  timestamp = {2012.11.15}
}

@ARTICLE{Vanstone2010,
  author = {Bruce Vanstone and Gavin Finnie and Tobias Hahn},
  title = {Stockmarket trading using fundamental variables and neural networks},
  journal = {ICONIP 2010: 17th International Conference on Neural Information
	Processing},
  year = {2010},
  month = {Noviembre},
  owner = {pedro},
  timestamp = {2012.11.15}
}

@ARTICLE{Vanstone2009,
  author = {Bruce J. Vanstone and Gavin Finnie},
  title = {An empirical methodology for developing stockmarket trading systems
	using artificial neural networks},
  journal = {Expert Systems with Applications},
  year = {2009},
  volume = {36},
  pages = {6668-6680},
  owner = {pedro},
  timestamp = {2012.11.15}
}

@ARTICLE{Vuuren1999,
  author = {D.P. van Vuuren and B.J. Strengers and H.J.M. De Vries},
  title = {Long-term perspectives on world metal use - a system-dynamics model},
  journal = {Resources Policy},
  year = {1999},
  pages = {239–255},
  owner = {pedro},
  timestamp = {2012.11.15}
}

@ARTICLE{W.Zhang2004,
  author = {W. Zhang, Q. Cao, et al.},
  title = {Neural Network Earnings per Share Forecasting Models: A Comprehensive
	Analysis of Alternative Methods},
  journal = {Decision Sciences},
  year = {2004},
  volume = {35},
  pages = {205-237},
  number = {2},
  owner = {pedro},
  timestamp = {2012.11.16}
}

@ARTICLE{Christian2007,
  author = {Christian Weitert },
  title = {Analysis of Investor Behavior in an Artificial Stock Market},
  year = {2007},
  owner = {pedro},
  timestamp = {2012.06.26}
}

@BOOK{Williams1938,
  title = {The Theory of Investment Value},
  publisher = {42. Fraser Publishing},
  year = {1938},
  author = {John Burr Williams},
  owner = {pedro},
  timestamp = {2012.06.28}
}

@BOOK{Witten2011,
  title = {Data mining : practical machine learning tools and techniques},
  publisher = {Morgan Kaufmann Publishers},
  year = {2011},
  author = {Ian H. Witten and Eibe Frank and Mark A. Hall},
  address = {Burlington, Massachussets, USA},
  edition = {3},
  owner = {pedro},
  timestamp = {2012.11.23}
}

@ARTICLE{Investors2006,
  title = {Investor Roundtable Sponsored by Columbia University’s Center for
	Excellence in Accounting and Security Analysis , From Stock Selection
	to Portfolio Alpha Generation: The Role of Fundamental Analysis},
  journal = {Journal of Applied Corporate Finance},
  year = {2006},
  volume = {18},
  pages = {53 - 82},
  number = {1},
  owner = {pedro},
  timestamp = {2012.06.28}
}

@comment{jabref-meta: selector_publisher:}

@comment{jabref-meta: selector_author:}

@comment{jabref-meta: selector_journal:}

@comment{jabref-meta: selector_keywords:}

